<record><leader>00000cas a22000007a 4500</leader><controlfield tag="001">14994678</controlfield><controlfield tag="008">861219d18811888inuwr ne      0    0eng d</controlfield><datafield ind1=" " ind2=" " tag="010"><subfield code="a">sn 86059127 </subfield></datafield><datafield ind1=" " ind2=" " tag="040"><subfield code="a">NPI</subfield><subfield code="b">eng</subfield><subfield code="c">NPI</subfield><subfield code="d">OCLCQ</subfield></datafield><datafield ind1=" " ind2=" " tag="042"><subfield code="a">msc</subfield></datafield><datafield ind1="0" ind2=" " tag="130"><subfield code="a">Remington news (Remington, Ind.)</subfield></datafield><datafield ind1="1" ind2="0" tag="245"><subfield code="a">Remington news.</subfield></datafield><datafield ind1=" " ind2=" " tag="260"><subfield code="a">Remington, Jasper Co., Ind. :</subfield><subfield code="b">W.H. Coover</subfield></datafield><datafield ind1=" " ind2=" " tag="310"><subfield code="a">Weekly</subfield></datafield><datafield ind1="1" ind2=" " tag="362"><subfield code="a">Began with Feb. 4, 1881 issue? Ceased in 1888.</subfield></datafield><datafield ind1=" " ind2=" " tag="588"><subfield code="a">Description based on: Vol. 2, no. 38 (Feb. 18, 1881).</subfield></datafield><datafield ind1=" " ind2=" " tag="752"><subfield code="a">United States</subfield><subfield code="b">Indiana</subfield><subfield code="c">Jasper</subfield><subfield code="d">Remington.</subfield></datafield><datafield ind1="0" ind2="0" tag="780"><subfield code="t">Remington reporter</subfield><subfield code="w">(DLC)sn 86059128</subfield></datafield><datafield ind1="0" ind2="0" tag="785"><subfield code="t">Remington press (Remington, Ind.)</subfield><subfield code="w">(DLC)sn 86059129</subfield></datafield></record>